@article{de2002mobile,
  title={Mobile ad hoc networking},
  author={de Morais Cordeiro, Carlos and Agrawal, Dharma P},
  journal={Center for Distributed and Mobile Computing, ECECS, University of Cincinnati},
  year={2002}
}

@article{6838650, 
author={Coelho, P.R. and Fynn, E. and Faina, L.F. and Pasquini, R. and Camargos, L.}, 
booktitle={Advanced Information Networking and Applications (AINA), 2014 IEEE 28th International Conference on}, 
title={Node Position Forecast in MANET with PheroCast}, 
year={2014}, 
month={May}, 
pages={73-80}, 
keywords={mobile ad hoc networks;telecommunication network routing;MANET;PheroCast;Seattle;ant colonies;mobile ad hoc networks;mobile nodes;node position forecast;proactive hand-off;proactive routing;tailored content generation;Aging;Forecasting;Mobile ad hoc networks;Mobile nodes;Prediction algorithms;VANET;ant colony;forecast;mobility}, 
doi={10.1109/AINA.2014.140}, 
ISSN={1550-445X}}

@ARTICLE{6710069, 
author={Conti, M. and Giordano, S.}, 
journal={Communications Magazine, IEEE}, 
title={Mobile ad hoc networking: milestones, challenges, and new research directions}, 
year={2014}, 
month={January}, 
volume={52}, 
number={1}, 
pages={85-96}, 
keywords={Internet;mobile ad hoc networks;mobile computing;wireless mesh networks;wireless sensor networks;IETF working group;MANET;computer communication;mesh network;mobile ad hoc network;multihop ad hoc network;opportunistic network;people centric revolution;peoplecentric network;sensor network;vehicular network;Internet;Mobile ad hoc networks;Protocols;Robot sensing systems;Social implications of technology;Social network services;Wireless communication;Wireless sensor networks}, 
doi={10.1109/MCOM.2014.6710069}, 
ISSN={0163-6804}
}

@ONLINE{docAndroid,
author = {Google},
title = {Documentacao Android},
year = {2015},
url = {http://developer.android.com/}
}



@Book{googleand,
ALTauthor = "LECHETA, Ricardo R",
ALTeditor = "LECHETA, Ricardo R",
title = "Google Android",
publisher = {Novatec},
year = {2013}
}

@misc{nicolletti2011redes,
  title={Redes de computadores},
  author={Nicolletti, Pedro Sergio},
  year={2011},
  publisher={Notas de aula. Dispon{\'\i}vel em: http://www. dsc. ufcg. edu. br/\~{} peter/cursos/rc/material/p4a. pdf. Acesso em}
}

@book{tanenbaum2003redes,
  title={Redes de computadores},
  author={Tanenbaum, A.S.},
  isbn={9788535211856},
  url={https://books.google.com.br/books?id=0tjB8FbV590C},
  year={2003},
  publisher={CAMPUS - RJ}
}

@article{fynn,
  title={Previsao Eficiente do Posicionamento Futuro de Nos em Redes Moveis},
  author={Fynn, Enrique},
  year={2015}
}
